<record><leader>00000cas a22000007a 4500</leader><controlfield tag="001">11966123</controlfield><controlfield tag="008">850426d19541958njuwr ne      0    0eng d</controlfield><datafield ind1=" " ind2=" " tag="010"><subfield code="a">sn 85035607 </subfield></datafield><datafield ind1=" " ind2=" " tag="040"><subfield code="a">NPA</subfield><subfield code="b">eng</subfield><subfield code="c">NPA</subfield><subfield code="d">NJW</subfield><subfield code="d">OCLCQ</subfield></datafield><datafield ind1=" " ind2=" " tag="042"><subfield code="a">msc</subfield></datafield><datafield ind1="0" ind2=" " tag="130"><subfield code="a">Franklin news (Middlebush, N.J.)</subfield></datafield><datafield ind1="1" ind2="4" tag="245"><subfield code="a">The Franklin news.</subfield></datafield><datafield ind1=" " ind2=" " tag="260"><subfield code="a">Middlebush, N.J. :</subfield><subfield code="b">Manville Pub. Co.,</subfield><subfield code="c">1954-1958.</subfield></datafield><datafield ind1=" " ind2=" " tag="300"><subfield code="a">v. :</subfield><subfield code="b">ill.</subfield></datafield><datafield ind1=" " ind2=" " tag="310"><subfield code="a">Weekly</subfield></datafield><datafield ind1="0" ind2=" " tag="362"><subfield code="a">Vol. 1, no. 1 (Oct. 7, 1954)-v. 4, no. 31 (May 1, 1958).</subfield></datafield><datafield ind1=" " ind2=" " tag="500"><subfield code="a">"Serving all of Franklin Township."</subfield></datafield><datafield ind1=" " ind2=" " tag="530"><subfield code="a">Also issued on microfilm by the Rutgers University Library.</subfield></datafield><datafield ind1=" " ind2=" " tag="752"><subfield code="a">United States</subfield><subfield code="b">New Jersey</subfield><subfield code="c">Somerset</subfield><subfield code="d">Franklin.</subfield></datafield><datafield ind1="0" ind2="7" tag="785"><subfield code="t">Record (Middlebush, N.J. : 1941)</subfield><subfield code="w">(DLC)sn 85035617</subfield><subfield code="w">(OCoLC)11966130</subfield></datafield><datafield ind1="0" ind2="7" tag="785"><subfield code="t">Franklin news-record</subfield><subfield code="w">(DLC)sn 85035608</subfield><subfield code="w">(OCoLC)11966134</subfield></datafield></record>